@misc{qian2023communicative,
	title={Communicative Agents for Software Development}, 
	author={Chen Qian and Xin Cong and Wei Liu and Cheng Yang and Weize Chen and Yusheng Su and Yufan Dang and Jiahao Li and Juyuan Xu and Dahai Li and Zhiyuan Liu and Maosong Sun},
	year={2023},
	eprint={2307.07924},
	archivePrefix={arXiv},
	primaryClass={cs.SE}
}

@misc{park2023generative,
	title={Generative Agents: Interactive Simulacra of Human Behavior}, 
	author={Joon Sung Park and Joseph C. O'Brien and Carrie J. Cai and Meredith Ringel Morris and Percy Liang and Michael S. Bernstein},
	year={2023},
	eprint={2304.03442},
	archivePrefix={arXiv},
	primaryClass={cs.HC}
}

@article{hernandez2013aplicaciones,
	title={Aplicaciones de procesamiento de lenguaje natural},
	author={Hern{\'a}ndez, Myriam Beatriz and G{\'o}mez, Jos{\'e} M},
	journal={Revista Polit{\'e}cnica},
	volume={32},
	year={2013}
}

@article{mishra2020deep,
	title={Deep learning in electrical utility industry: A comprehensive review of a decade of research},
	author={Mishra, Manohar and Nayak, Janmenjoy and Naik, Bighnaraj and Abraham, Ajith},
	journal={Engineering Applications of Artificial Intelligence},
	volume={96},
	pages={104000},
	year={2020},
	publisher={Elsevier}
}

@inproceedings{adhikari2020nlp,
	title={Nlp based machine learning approaches for text summarization},
	author={Adhikari, Surabhi and others},
	booktitle={2020 Fourth International Conference on Computing Methodologies and Communication (ICCMC)},
	pages={535--538},
	year={2020},
	organization={IEEE}
}

@misc{devlin2019bert,
	title={BERT: Pre-training of Deep Bidirectional Transformers for Language Understanding}, 
	author={Jacob Devlin and Ming-Wei Chang and Kenton Lee and Kristina Toutanova},
	year={2019},
	eprint={1810.04805},
	archivePrefix={arXiv},
	primaryClass={cs.CL}
}

@article{10.1093/mind/LIX.236.433,
	author = {TURING, A. M.},
	title = "{I.â€”COMPUTING MACHINERY AND INTELLIGENCE}",
	journal = {Mind},
	volume = {LIX},
	number = {236},
	pages = {433-460},
	year = {1950},
	month = {10},
	issn = {0026-4423},
	doi = {10.1093/mind/LIX.236.433},
	url = {https://doi.org/10.1093/mind/LIX.236.433},
	eprint = {https://academic.oup.com/mind/article-pdf/LIX/236/433/30123314/lix-236-433.pdf},
}

@inproceedings{Toma1970SYSTRANMT,
	title={SYSTRAN Machine Translation System.},
	author={Peter P. Toma and Ludek A. Kozlik and Donald G. Perwin},
	year={1970},
	url={https://api.semanticscholar.org/CorpusID:59856993}
}

@article{House1988,
	author = {House, J.S. and Landis, K.R. and Umberson, D.},
	title= {Social relationships and health},
	year = {1988},
	doi = {10.1126/science.3399889},
	journal = {Science},
	volume = {241},
	number = {4865},
	pages = {540--545},
}

@article{doi:10.1177/0265407500171001,
	author = {Heather R. Walen and Margie E. Lachman},
	title ={Social Support and Strain from Partner, Family, and Friends: Costs and Benefits for Men and Women in Adulthood},
	
	journal = {Journal of Social and Personal Relationships},
	volume = {17},
	number = {1},
	pages = {5-30},
	year = {2000},
	doi = {10.1177/0265407500171001},
	
	URL = { 
	https://doi.org/10.1177/0265407500171001
	}
}

@article{doi:10.1177/0022146510383501,
	author = {Debra Umberson and Jennifer Karas Montez},
	title ={Social Relationships and Health: A Flashpoint for Health Policy},
	
	journal = {Journal of Health and Social Behavior},
	volume = {51},
	number = {1\_suppl},
	pages = {S54-S66},
	year = {2010},
	doi = {10.1177/0022146510383501},
	note ={PMID: 20943583},
	
	URL = { 
	https://doi.org/10.1177/0022146510383501
	}
}

@article{activePolicyAttention,
	author = {Mcginnis, J. and Russo, Pamela and Knickman, James},
	year = {2002},
	month = {03},
	pages = {78-93},
	title = {The Case For More Active Policy Attention To Health Promotion},
	volume = {21},
	journal = {Health affairs (Project Hope)},
	doi = {10.1377/hlthaff.21.2.78}
}